@article{stackoverflow,
  title={Trim whitespace from a String [duplicate]},
  author={g217},
  journal={StackOverflow},
  volume={1},
  number={1},
  pages={All pages},
  year={2015}
}